<record><leader>00000cas a22000007a 4500</leader><controlfield tag="001">20841867</controlfield><controlfield tag="008">900103d18931966mouwr ne      0    0eng d</controlfield><datafield ind1=" " ind2=" " tag="010"><subfield code="a">sn 89067599 </subfield></datafield><datafield ind1=" " ind2=" " tag="040"><subfield code="a">MQN</subfield><subfield code="b">eng</subfield><subfield code="c">MQN</subfield><subfield code="d">OCLCQ</subfield></datafield><datafield ind1="0" ind2="0" tag="245"><subfield code="a">Greenville sun.</subfield></datafield><datafield ind1=" " ind2=" " tag="260"><subfield code="a">Greenville, Mo. :</subfield><subfield code="b">Bennett &amp; Bates,</subfield><subfield code="c">-1966.</subfield></datafield><datafield ind1=" " ind2=" " tag="300"><subfield code="a">v.</subfield></datafield><datafield ind1=" " ind2=" " tag="310"><subfield code="a">Weekly</subfield></datafield><datafield ind1="1" ind2=" " tag="362"><subfield code="a">Began in 1893?</subfield></datafield><datafield ind1="0" ind2=" " tag="362"><subfield code="a">-v. 70, no. 35 (Nov. 17, 1966).</subfield></datafield><datafield ind1=" " ind2=" " tag="588"><subfield code="a">Description based on: Vol. 2, no. 15 (Jan. 2, 1896).</subfield></datafield><datafield ind1=" " ind2=" " tag="752"><subfield code="a">United States</subfield><subfield code="b">Missouri</subfield><subfield code="c">Wayne</subfield><subfield code="d">Greenville.</subfield></datafield><datafield ind1="0" ind2="4" tag="785"><subfield code="t">Wayne County journal-banner</subfield><subfield code="w">(DLC)sn 89067595</subfield></datafield></record>